@article{Duchi:2011,
	title={Adaptive subgradient methods for online learning and stochastic optimization},
	author={Duchi, John and Hazan, Elad and Singer, Yoram},
	journal={Journal of Machine Learning Research},
	volume={12},
	number={Jul},
	pages={2121--2159},
	year={2011}
}

@inproceedings{Sutskever:2014,
	title={Sequence to sequence learning with neural networks},
	author={Sutskever, Ilya and Vinyals, Oriol and Le, Quoc V},
	booktitle={Advances in neural information processing systems},
	pages={3104--3112},
	year={2014}
}

@article{Zeiler:2012,
	title={ADADELTA: an adaptive learning rate method},
	author={Zeiler, Matthew D},
	journal={arXiv preprint arXiv:1212.5701},
	year={2012}
}

@article{Ruder:2016,
  title={An overview of gradient descent optimization algorithms},
  author={Ruder, Sebastian},
  journal={arXiv preprint arXiv:1609.04747},
  year={2016}
}

@article{Hochreiter:1997,
	title={Long short-term memory},
	author={Hochreiter, Sepp and Schmidhuber, J{\"u}rgen},
	journal={Neural computation},
	volume={9},
	number={8},
	pages={1735--1780},
	year={1997},
	publisher={MIT Press}
}

@article{Pascanu:2013,
	title={On the difficulty of training recurrent neural networks.},
	author={Pascanu, Razvan and Mikolov, Tomas and Bengio, Yoshua},
	journal={ICML (3)},
	volume={28},
	pages={1310--1318},
	year={2013}
}

@inproceedings{Werbos:1990,
	title={Backpropagation through time: what it does and how to do it},
	author={Werbos, Paul J},
	journal={Proceedings of the IEEE},
	volume={78},
	number={10},
	pages={1550--1560},
	year={1990},
	publisher={IEEE}
}

@inproceedings{Sutskever:2014,
	title={Sequence to sequence learning with neural networks},
	author={Sutskever, Ilya and Vinyals, Oriol and Le, Quoc V},
	booktitle={Advances in neural information processing systems},
	pages={3104--3112},
	year={2014}
}

@article{Chung:2014,
	title={Empirical evaluation of gated recurrent neural networks on sequence modeling},
	author={Chung, Junyoung and Gulcehre, Caglar and Cho, KyungHyun and Bengio, Yoshua},
	journal={arXiv preprint arXiv:1412.3555},
	year={2014}
}

@inproceedings{Xingjian:2015,
	title={Convolutional LSTM network: A machine learning approach for precipitation nowcasting},
	author={Xingjian, SHI and Chen, Zhourong and Wang, Hao and Yeung, Dit-Yan and Wong, Wai-Kin and Woo, Wang-chun},
	booktitle={Advances in Neural Information Processing Systems},
	pages={802--810},
	year={2015}
}

@article{Greff:2016,
	title={LSTM: A search space odyssey},
	author={Greff, Klaus and Srivastava, Rupesh K and Koutn{\'\i}k, Jan and Steunebrink, Bas R and Schmidhuber, J{\"u}rgen},
	journal={IEEE transactions on neural networks and learning systems},
	year={2016},
	publisher={IEEE}
}
